<?xml version="1.0" encoding="UTF-8"?>
<record xmlns="http://www.loc.gov/MARC21/slim" xmlns:xsi="http://www.w3.org/2001/XMLSchema-instance" xsi:schemaLocation="http://www.loc.gov/MARC21/slim http://www.loc.gov/standards/marcxml/schema/MARC21slim.xsd">
<leader>00000cam a22      i 4500</leader>
<controlfield tag="001">001677144</controlfield>
<controlfield tag="003">NNU</controlfield>
<controlfield tag="005">20150507155050.0</controlfield>
<controlfield tag="008">870401s1959    ir h     b    000 0 ara d</controlfield>
<datafield tag="035" ind1=" " ind2=" ">
<subfield code="a">(OCoLC)16838911</subfield>
</datafield>
<datafield tag="040" ind1=" " ind2=" ">
<subfield code="a">NYP</subfield>
<subfield code="b">eng</subfield>
<subfield code="c">NYP</subfield>
<subfield code="d">OCL</subfield>
<subfield code="d">LGG</subfield>
<subfield code="d">OCLCQ</subfield>
<subfield code="d">OCLCO</subfield>
<subfield code="d">OCLCF</subfield>
<subfield code="d">NNU</subfield>
</datafield>
<datafield tag="050" ind1=" " ind2="4">
<subfield code="a">BJ1291</subfield>
<subfield code="b">.N36 1959</subfield>
</datafield>
<datafield tag="100" ind1="1" ind2=" ">
<subfield code="6">880-01</subfield>
<subfield code="a">Nāʼīnī, Bahāʼ al-Dīn Muḥammad,</subfield>
<subfield code="d">-1727 or 1728.</subfield>
</datafield>
<datafield tag="245" ind1="1" ind2="0">
<subfield code="6">880-02</subfield>
<subfield code="a">Zawāhir al-jawāhir fī nawādir al-zawājir /</subfield>
<subfield code="c">taʼlīf Bahāʼ al-Dīn Muḥammad ibn Muḥammad Bāqir al-Mukhtārī al-Nāʼīnī, wa-maʻahu muqaddimah wa-taʻlīqāt bi-qalam Aḥmad al-Rawḍātī.</subfield>
</datafield>
<datafield tag="260" ind1=" " ind2=" ">
<subfield code="6">880-03</subfield>
<subfield code="a">Iṣfahān :</subfield>
<subfield code="b">Maṭbaʻat Ḥabl al-Matīn,</subfield>
<subfield code="c">1379 [1959 or 1960]</subfield>
</datafield>
<datafield tag="300" ind1=" " ind2=" ">
<subfield code="a">195 pages :</subfield>
<subfield code="b">facsimiles ;</subfield>
<subfield code="c">24 cm.</subfield>
</datafield>
<datafield tag="336" ind1=" " ind2=" ">
<subfield code="a">text</subfield>
<subfield code="b">txt</subfield>
<subfield code="2">rdacontent</subfield>
</datafield>
<datafield tag="337" ind1=" " ind2=" ">
<subfield code="a">unmediated</subfield>
<subfield code="b">n</subfield>
<subfield code="2">rdamedia</subfield>
</datafield>
<datafield tag="338" ind1=" " ind2=" ">
<subfield code="a">volume</subfield>
<subfield code="b">nc</subfield>
<subfield code="2">rdacarrier</subfield>
</datafield>
<datafield tag="490" ind1="1" ind2=" ">
<subfield code="6">880-04</subfield>
<subfield code="a">Silsilat al-makhṭūṭāt ;</subfield>
<subfield code="v">al-Juzʼ 2/5</subfield>
</datafield>
<datafield tag="500" ind1=" " ind2=" ">
<subfield code="a">In Arabic.</subfield>
</datafield>
<datafield tag="500" ind1=" " ind2=" ">
<subfield code="a">"Kitāb fī al-akhlāq wa-tahdhīb al-nafs bi-uslūb ʻajīb."</subfield>
</datafield>
<datafield tag="504" ind1=" " ind2=" ">
<subfield code="a">Includes bibliographical references.</subfield>
</datafield>
<datafield tag="650" ind1=" " ind2="0">
<subfield code="a">Islamic ethics.</subfield>
</datafield>
<datafield tag="650" ind1=" " ind2="0">
<subfield code="a">Islam</subfield>
<subfield code="v">Apologetic works.</subfield>
</datafield>
<datafield tag="650" ind1=" " ind2="7">
<subfield code="a">Islam.</subfield>
<subfield code="2">fast</subfield>
<subfield code="0">(OCoLC)fst00979776</subfield>
</datafield>
<datafield tag="650" ind1=" " ind2="7">
<subfield code="a">Islamic ethics.</subfield>
<subfield code="2">fast</subfield>
<subfield code="0">(OCoLC)fst00979936</subfield>
</datafield>
<datafield tag="655" ind1=" " ind2="7">
<subfield code="a">Apologetic works.</subfield>
<subfield code="2">fast</subfield>
<subfield code="0">(OCoLC)fst01423698</subfield>
</datafield>
<datafield tag="700" ind1="1" ind2=" ">
<subfield code="6">880-05</subfield>
<subfield code="a">Rawz̤ātī, Aḥmad.</subfield>
</datafield>
<datafield tag="776" ind1="0" ind2="8">
<subfield code="i">Online version:</subfield>
<subfield code="a">Nāʼīnī, Bahāʼ al-Dīn Muḥammad, -1727 or 8.</subfield>
<subfield code="t">Zawāhir al-jawāhir fī nawādir al-zawājir.</subfield>
<subfield code="d">Iṣfahān : Maṭbaʻat Ḥabl al-Matīn, 1379 [1959 or 1960]</subfield>
<subfield code="w">(OCoLC)607646173</subfield>
</datafield>
<datafield tag="880" ind1="1" ind2=" ">
<subfield code="6">100-01/</subfield>
<subfield code="a">ناۓيني ،بهاء الدين محمد.</subfield>
</datafield>
<datafield tag="880" ind1="1" ind2="0">
<subfield code="6">245-02/</subfield>
<subfield code="a">زواهر الجواهر في نوادر الزواحر /</subfield>
<subfield code="c">تأليف بهاء الدين محمد بن محمد بافر المختاري الناۓيني ؛ومعه مقدمة وتعليقات بقلم احمد الروضاتي.</subfield>
</datafield>
<datafield tag="880" ind1=" " ind2=" ">
<subfield code="6">260-03/</subfield>
<subfield code="a">اصفهان :</subfield>
<subfield code="b">مطبعة حبل المتين،</subfield>
<subfield code="c">١٣٧٩ [١٩٥٩ او١٩٦٠]</subfield>
</datafield>
<datafield tag="880" ind1="1" ind2=" ">
<subfield code="6">490-04/</subfield>
<subfield code="a">سلسلة المخطوطات ؛</subfield>
<subfield code="v">الجزء ٥/٢</subfield>
</datafield>
<datafield tag="880" ind1="1" ind2=" ">
<subfield code="6">700-05/</subfield>
<subfield code="a">روضاتي ،احمد.</subfield>
</datafield>
<datafield tag="830" ind1=" " ind2="0">
<subfield code="6">880-06</subfield>
<subfield code="a">Silsilat al-makhṭūṭāt ;</subfield>
<subfield code="v">al-Juzʼ 2/5.</subfield>
</datafield>
<datafield tag="880" ind1=" " ind2="0">
<subfield code="6">830-06/</subfield>
<subfield code="a">سلسلة المخطوطات ؛</subfield>
<subfield code="v">الجزء 2/5.</subfield>
</datafield>
<datafield tag="OWN" ind1=" " ind2=" ">
<subfield code="a">GENERAL</subfield>
</datafield>
<datafield tag="AVA" ind1=" " ind2=" ">
<subfield code="a">NYU50</subfield>
<subfield code="b">BOBST</subfield>
<subfield code="c">Main Collection</subfield>
<subfield code="d">BJ1291 .N36 1959</subfield>
<subfield code="e">unavailable</subfield>
<subfield code="t">Unavailable</subfield>
<subfield code="f">1</subfield>
<subfield code="g">1</subfield>
<subfield code="h">N</subfield>
<subfield code="i">0</subfield>
<subfield code="j">MAIN</subfield>
<subfield code="k">0</subfield>
</datafield>
</record>
